<?xml version="1.0" encoding="UTF-8"?>
  <record xmlns="http://www.loc.gov/MARC21/slim" type="Authority">
    <leader>00000nz  a2200000nc 4500</leader>
    <controlfield tag="001">11563777X</controlfield>
    <controlfield tag="003">DE-101</controlfield>
    <controlfield tag="005">20211215003053.0</controlfield>
    <controlfield tag="008">970827n||aznnnaabn           | aaa    |c</controlfield>
    <datafield tag="024" ind1="7" ind2=" ">
      <subfield code="a">11563777X</subfield>
      <subfield code="0">http://d-nb.info/gnd/11563777X</subfield>
      <subfield code="2">gnd</subfield>
    </datafield>
    <datafield tag="035" ind1=" " ind2=" ">
      <subfield code="a">(DE-101)11563777X</subfield>
    </datafield>
    <datafield tag="035" ind1=" " ind2=" ">
      <subfield code="a">(DE-588)11563777X</subfield>
    </datafield>
    <datafield tag="035" ind1=" " ind2=" ">
      <subfield code="z">(DE-588)1089682654</subfield>
    </datafield>
    <datafield tag="035" ind1=" " ind2=" ">
      <subfield code="z">(DE-588)1055675523</subfield>
    </datafield>
    <datafield tag="035" ind1=" " ind2=" ">
      <subfield code="z">(DE-588a)11563777X</subfield>
      <subfield code="9">v:zg</subfield>
    </datafield>
    <datafield tag="040" ind1=" " ind2=" ">
      <subfield code="a">DE-12</subfield>
      <subfield code="c">DE-12</subfield>
      <subfield code="9">r:DE-12</subfield>
      <subfield code="b">ger</subfield>
      <subfield code="d">9999</subfield>
    </datafield>
    <datafield tag="042" ind1=" " ind2=" ">
      <subfield code="a">gnd1</subfield>
    </datafield>
    <datafield tag="043" ind1=" " ind2=" ">
      <subfield code="c">XA-GB</subfield>
    </datafield>
    <datafield tag="075" ind1=" " ind2=" ">
      <subfield code="b">p</subfield>
      <subfield code="2">gndgen</subfield>
    </datafield>
    <datafield tag="075" ind1=" " ind2=" ">
      <subfield code="b">pip</subfield>
      <subfield code="2">gndspec</subfield>
    </datafield>
    <datafield tag="079" ind1=" " ind2=" ">
      <subfield code="a">g</subfield>
      <subfield code="q">a</subfield>
      <subfield code="q">f</subfield>
      <subfield code="u">v</subfield>
    </datafield>
    <datafield tag="100" ind1="1" ind2=" ">
      <subfield code="a">Multibibus, Blasius</subfield>
      <subfield code="d">1588-1673</subfield>
    </datafield>
    <datafield tag="375" ind1=" " ind2=" ">
      <subfield code="a">1</subfield>
      <subfield code="2">iso5218</subfield>
    </datafield>
    <datafield tag="400" ind1="0" ind2=" ">
      <subfield code="a">Blasius</subfield>
      <subfield code="c">Multibibus</subfield>
      <subfield code="d">1588-1673</subfield>
    </datafield>
    <datafield tag="400" ind1="1" ind2=" ">
      <subfield code="a">Drinkmuch, Blasius</subfield>
      <subfield code="d">1588-1673</subfield>
    </datafield>
    <datafield tag="400" ind1="0" ind2=" ">
      <subfield code="a">Blasius</subfield>
      <subfield code="c">Drinkmuch</subfield>
      <subfield code="d">1588-1673</subfield>
    </datafield>
    <datafield tag="400" ind1="1" ind2=" ">
      <subfield code="a">Vielsauff, Blasius</subfield>
      <subfield code="d">1588-1673</subfield>
    </datafield>
    <datafield tag="400" ind1="1" ind2=" ">
      <subfield code="a">Vielsauf, Blasius</subfield>
      <subfield code="d">1588-1673</subfield>
    </datafield>
    <datafield tag="400" ind1="0" ind2=" ">
      <subfield code="a">Blasius</subfield>
      <subfield code="c">Vielsauff</subfield>
      <subfield code="d">1588-1673</subfield>
    </datafield>
    <datafield tag="400" ind1="0" ind2=" ">
      <subfield code="a">Blasius</subfield>
      <subfield code="c">Vielsauf</subfield>
      <subfield code="d">1588-1673</subfield>
    </datafield>
    <datafield tag="400" ind1="1" ind2=" ">
      <subfield code="a">Vielsauffer, Blasius</subfield>
      <subfield code="d">1588-1673</subfield>
    </datafield>
    <datafield tag="400" ind1="1" ind2=" ">
      <subfield code="a">Vielsäuffer, Blasius</subfield>
      <subfield code="d">1588-1673</subfield>
    </datafield>
    <datafield tag="400" ind1="1" ind2=" ">
      <subfield code="a">Vielsaeufer, Blasius</subfield>
      <subfield code="d">1588-1673</subfield>
    </datafield>
    <datafield tag="500" ind1="1" ind2=" ">
      <subfield code="0">(DE-101)100431496</subfield>
      <subfield code="0">(DE-588)100431496</subfield>
      <subfield code="0">https://d-nb.info/gnd/100431496</subfield>
      <subfield code="a">Brathwaite, Richard</subfield>
      <subfield code="d">1588-1673</subfield>
      <subfield code="4">nawi</subfield>
      <subfield code="4">https://d-nb.info/standards/elementset/gnd#realIdentity</subfield>
      <subfield code="w">r</subfield>
      <subfield code="i">Wirklicher Name</subfield>
      <subfield code="e">Wirklicher Name</subfield>
    </datafield>
    <datafield tag="548" ind1=" " ind2=" ">
      <subfield code="a">1588-1673</subfield>
      <subfield code="4">datl</subfield>
      <subfield code="4">https://d-nb.info/standards/elementset/gnd#dateOfBirthAndDeath</subfield>
      <subfield code="w">r</subfield>
      <subfield code="i">Lebensdaten</subfield>
    </datafield>
    <datafield tag="550" ind1=" " ind2=" ">
      <subfield code="0">(DE-101)940630869</subfield>
      <subfield code="0">(DE-588)4333843-4</subfield>
      <subfield code="0">https://d-nb.info/gnd/4333843-4</subfield>
      <subfield code="a">Satiriker</subfield>
      <subfield code="4">berc</subfield>
      <subfield code="4">https://d-nb.info/standards/elementset/gnd#professionOrOccupation</subfield>
      <subfield code="w">r</subfield>
      <subfield code="i">Charakteristischer Beruf</subfield>
    </datafield>
    <datafield tag="667" ind1=" " ind2=" ">
      <subfield code="a">12</subfield>
    </datafield>
    <datafield tag="667" ind1=" " ind2=" ">
      <subfield code="a">VD-17</subfield>
    </datafield>
    <datafield tag="670" ind1=" " ind2=" ">
      <subfield code="a">Wikipedia</subfield>
      <subfield code="b">Stand: 13.12.2021</subfield>
      <subfield code="u">https://de.wikipedia.org/w/index.php?title=Richard_Brathwaite&amp;oldid=215974238</subfield>
    </datafield>
    <datafield tag="670" ind1=" " ind2=" ">
      <subfield code="a">LoC-NA; NUC pre '56; BLC</subfield>
    </datafield>
    <datafield tag="672" ind1=" " ind2="0">
      <subfield code="a">Bacchus, Dionysius: Disputatio ... jus potandi. - 1616</subfield>
    </datafield>
    <datafield tag="672" ind1=" " ind2="0">
      <subfield code="a">Bacchus, Dionysius: Newe Artig und kurtzweilige Disputation In welcher das Zech- und Sauffrecht sampt allen desselben Solennitäten ... beschrieben wird. - 1633</subfield>
    </datafield>
    <datafield tag="678" ind1=" " ind2=" ">
      <subfield code="b">Vgl. auch IDN 121819892; Präses und Respondent wechseln in ihrer Funktion in den unterschiedlichen Ausg. des "Ius Potandi"; Matthew Wilson Black legt in seiner Biografie über Richard Brathwait nahe, dass dieser lediglich der Übersetzer des Ius potandi ins Englische ist (siehe LCAuth).</subfield>
    </datafield>
    <datafield tag="680" ind1=" " ind2=" ">
      <subfield code="a">Weitere Titel ggf. auch unter dem Pseudonym bzw. dem wirklichen Namen</subfield>
    </datafield>
    <datafield tag="913" ind1=" " ind2=" ">
      <subfield code="S">pnd</subfield>
      <subfield code="i">a</subfield>
      <subfield code="a">Multibibus, Blasius</subfield>
      <subfield code="0">(DE-588a)11563777X</subfield>
    </datafield>
  </record>
